@Book{xie2015,
  title = {Dynamic Documents with {R} and knitr},
  author = {Yihui Xie},
  publisher = {Chapman and Hall/CRC},
  address = {Boca Raton, Florida},
  year = {2015},
  edition = {2nd},
  note = {ISBN 978-1498716963},
  url = {http://yihui.name/knitr/},
}
@Book{myers2012,
  title = {Probability and Statistics for Engineers and Scientists},
  author = {Ronald E. Walpole and Raymond H. Myers and Sharon L. Myers and Keying Ye},
  publisher = {Pearson},
  address = {Boston, MA},
  year = {2012},
  edition = {9th},
  note = {ISBN 978-0-321-74823-2},
}
